@misc{NYUISP_Notes_Github,
  author = {Lok},
  title = {Notes link},
  note = {\url{https://github.com/LokYan/NYUISP_Notes}},
}
